<record><leader>00000cas a2200000 a 4500</leader><controlfield tag="001">406500414</controlfield><controlfield tag="008">090623u19uuuuuutxuuu n       0    0eng c</controlfield><datafield ind1=" " ind2=" " tag="010"><subfield code="a">  2009248239</subfield></datafield><datafield ind1=" " ind2=" " tag="040"><subfield code="a">NYP</subfield><subfield code="b">eng</subfield><subfield code="c">NYP</subfield><subfield code="d">OCLCQ</subfield></datafield><datafield ind1=" " ind2=" " tag="042"><subfield code="a">pcc</subfield></datafield><datafield ind1=" " ind2=" " tag="043"><subfield code="a">n-us-tx</subfield></datafield><datafield ind1="2" ind2=" " tag="110"><subfield code="a">Dallas Gay Political Caucus.</subfield></datafield><datafield ind1="1" ind2="0" tag="245"><subfield code="a">DGPC election news.</subfield></datafield><datafield ind1="1" ind2="3" tag="246"><subfield code="a">Dallas Gay Political Caucus election news</subfield></datafield><datafield ind1=" " ind2=" " tag="260"><subfield code="a">[Dallas, Tex. :</subfield><subfield code="b">DGPC]</subfield></datafield><datafield ind1=" " ind2=" " tag="300"><subfield code="a">v. ;</subfield><subfield code="c">37 cm.</subfield></datafield><datafield ind1=" " ind2=" " tag="506"><subfield code="a">Advance notice required. Apply at http://www.nypl.org/mssref.</subfield></datafield><datafield ind1=" " ind2=" " tag="588"><subfield code="a">Description based on: Nov. 1984; title from caption.</subfield></datafield><datafield ind1="2" ind2="0" tag="610"><subfield code="a">Dallas Gay Political Caucus</subfield><subfield code="v">Periodicals.</subfield></datafield><datafield ind1=" " ind2="0" tag="650"><subfield code="a">Gay liberation movement</subfield><subfield code="z">Texas</subfield><subfield code="z">Dallas</subfield><subfield code="v">Periodicals.</subfield></datafield><datafield ind1=" " ind2="0" tag="650"><subfield code="a">Gay activists</subfield><subfield code="z">Texas</subfield><subfield code="z">Dallas</subfield><subfield code="v">Periodicals.</subfield></datafield><datafield ind1=" " ind2="0" tag="650"><subfield code="a">Lesbian activists</subfield><subfield code="z">Texas</subfield><subfield code="z">Dallas</subfield><subfield code="v">Periodicals.</subfield></datafield><datafield ind1=" " ind2="0" tag="650"><subfield code="a">Elections</subfield><subfield code="z">Texas</subfield><subfield code="z">Dallas</subfield><subfield code="v">Periodicals.</subfield></datafield></record>